<?xml version="1.0" encoding="UTF-8"?><collection xmlns="http://www.loc.gov/MARC21/slim"><record><leader>00448nam--2200157-i-4500</leader><controlfield tag="001">000008730</controlfield><controlfield tag="002">20161230</controlfield><controlfield tag="005">20170208091254</controlfield><controlfield tag="008">060222s1000------------r-----000-0-rum-d</controlfield><datafield ind1=" " ind2=" " tag="040"><subfield code="a">IFIN-HH</subfield></datafield><datafield ind1=" " ind2=" " tag="080"><subfield code="a">517.3:53:62</subfield></datafield><datafield ind1=" " ind2=" " tag="100"><subfield code="a">Badescu, Radu Si Maican, Constantin</subfield></datafield><datafield ind1=" " ind2=" " tag="245"><subfield code="a">Integrale utilizate in mecanica fizica tehnica si calculul lor</subfield></datafield><datafield ind1=" " ind2=" " tag="260"><subfield code="a">Bucuresti, Editura Tehnica, 1968. 695 P</subfield></datafield><datafield ind1=" " ind2=" " tag="852"><subfield code="a">29974</subfield></datafield><datafield ind1=" " ind2=" " tag="CAT"><subfield code="a">SYS</subfield><subfield code="c">20170208</subfield><subfield code="h">091254</subfield></datafield></record></collection>